@article{PBMC_ANN_classification,
  title={Classification of Five Cell Types from PBMC
Samples using Single Cell Transcriptomics and Artificial Neural Networks},
  author={Shaikh , Razin Abdulrauf and ZHONG, Jiahui and LYU, Minjie and LIN, Sen and KESKIN, Derin and ZHANG, Guanglan and CHITKUSHEV, Lou and BRUSIC, Vladimir},
  journal={arXiv preprint arXiv:1804.09028},
  year={2019}
}

@article{luecken2019current,
  title={Current best practices in single-cell RNA-seq analysis: a tutorial},
  author={Luecken, Malte D and Theis, Fabian J},
  journal={Molecular systems biology},
  volume={15},
  number={6},
  year={2019},
  publisher={John Wiley \& Sons, Ltd}
}

@article{ilicic2016classification,
  title={Classification of low quality cells from single-cell RNA-seq data},
  author={Ilicic, Tomislav and Kim, Jong Kyoung and Kolodziejczyk, Aleksandra A and Bagger, Frederik Otzen and McCarthy, Davis James and Marioni, John C and Teichmann, Sarah A},
  journal={Genome biology},
  volume={17},
  number={1},
  pages={29},
  year={2016},
  publisher={BioMed Central}
}

@article{long2019cluster,
  title={Cluster Analysis of High-Dimensional scRNA Sequencing Data},
  author={Long, Jiawei and Xia, Yu},
  journal={arXiv preprint arXiv:1912.08400},
  year={2019}
}

@article{blondel2008fast,
  title={Fast unfolding of communities in large networks},
  author={Blondel, Vincent D and Guillaume, Jean-Loup and Lambiotte, Renaud and Lefebvre, Etienne},
  journal={Journal of statistical mechanics: theory and experiment},
  volume={2008},
  number={10},
  pages={P10008},
  year={2008},
  publisher={IOP Publishing}
}


@article{traag2019louvain,
  title={From Louvain to Leiden: guaranteeing well-connected communities},
  author={Traag, Vincent A and Waltman, Ludo and van Eck, Nees Jan},
  journal={Scientific reports},
  volume={9},
  number={1},
  pages={1--12},
  year={2019},
  publisher={Nature Publishing Group}
}

@misc{sstutorial,
  title = {Single cell tutorial},
  howpublished = {\url{https://github.com/theislab/single-cell-tutorial/blob/master/latest_notebook/Case-study_Mouse-intestinal-epithelium_1906.ipynb}},
  note = {Accessed: 2020-02-14}
}

@misc{umapexplain,
  title = {Understanding UMAP},
  howpublished = {\url{https://pair-code.github.io/understanding-umap/}},
  note = {Accessed: 2020-02-22}
}

@article{wattenberg2016how,
  author = {Wattenberg, Martin and Viégas, Fernanda and Johnson, Ian},
  title = {How to Use t-SNE Effectively},
  journal = {Distill},
  year = {2016},
  url = {http://distill.pub/2016/misread-tsne},
  doi = {10.23915/distill.00002}
}

@article{mcinnes2018umap,
  title={Umap: Uniform manifold approximation and projection for dimension reduction},
  author={McInnes, Leland and Healy, John and Melville, James},
  journal={arXiv preprint arXiv:1802.03426},
  year={2018}
}

@article{maaten2008visualizing,
  title={Visualizing data using t-SNE},
  author={Maaten, Laurens van der and Hinton, Geoffrey},
  journal={Journal of machine learning research},
  volume={9},
  number={Nov},
  pages={2579--2605},
  year={2008}
}

@article{calinskiharabasz,
author = {Caliński, Tadeusz and JA, Harabasz},
year = {1974},
month = {01},
pages = {1-27},
title = {A Dendrite Method for Cluster Analysis},
volume = {3},
journal = {Communications in Statistics - Theory and Methods},
doi = {10.1080/03610927408827101}
}

@article{davies1979cluster,
  title={A cluster separation measure},
  author={Davies, David L and Bouldin, Donald W},
  journal={IEEE transactions on pattern analysis and machine intelligence},
  number={2},
  pages={224--227},
  year={1979},
  publisher={IEEE}
}
